@inproceedings{collins1989terrain,
  title={Terrain aided passive estimation},
  author={Collins, Noel and Baird, Charles},
  booktitle={Proceedings of the IEEE National Aerospace and Electronics Conference},
  pages={909--916},
  year={1989},
  organization={IEEE}
}

@techreport{MILPRF89020B,
    type = {Standard},
    key = {MIL-PRF-89020B},
    month = may,
    year = {2000},
    title = {Military Performance Specification: Digital Terrain Elevation Data ({DTED})},
    address = {Virginia, USA},
    institution = {National Geospatial-Intelligence Agency ({NGA})}
}

@techreport{collins1998using,
    author = {Robert Collins and Yanghai Tsin and J. Ryan Miller and Alan Lipton},
    title = {Using a DEM to Determine Geospatial Object Trajectories},
    year = {1998},
    month = {January},
    institution = {Carnegie Mellon University},
    address = {Pittsburgh, PA},
    number = {CMU-RI-TR-98-19},
}

@inproceedings{kim2015utilization,
  title={Utilization of terrain elevation map in SLAM for unmanned aircraft},
  author={Kim, Youngjoo and Bang, Hyochoong},
  booktitle={2015 6th International Conference on Automation, Robotics and Applications (ICARA)},
  pages={57--62},
  year={2015},
  organization={IEEE}
}

@inproceedings{kim2009terrain,
  title={Terrain data aided passive ground target tracking},
  author={Kim, Chang-Hwan and Choi, Keeyoung and Ryoo, Chang-Kyung and Park, Kyeong-Dae and Kim, Jin-Bok and Kim, Ki-Sung and Jo, Jong-Lae},
  booktitle={2009 ICCAS-SICE},
  pages={3646--3650},
  year={2009},
  organization={IEEE}
}

@inproceedings{mallick2007geolocation,
  title={Geolocation using video sensor measurements},
  author={Mallick, Mahendra},
  booktitle={2007 10th International Conference on Information Fusion},
  pages={1--8},
  year={2007},
  organization={IEEE}
}

@article{wolfe2002achieving,
  title={Achieving sub-pixel geolocation accuracy in support of MODIS land science},
  author={Wolfe, Robert E and Nishihama, Masahiro and Fleig, Albert J and Kuyper, James A and Roy, David P and Storey, James C and Patt, Fred S},
  journal={Remote Sensing of Environment},
  volume={83},
  number={1-2},
  pages={31--49},
  year={2002},
  publisher={Elsevier}
}

@phdthesis{davison1999mobile,
  title={Mobile robot navigation using active vision},
  author={Davison, Andrew John},
  school={Oxford University},
  year={1998}
}

@inproceedings{isard1996contour,
  title={Contour tracking by stochastic propagation of conditional density},
  author={Isard, Michael and Blake, Andrew},
  booktitle={European conference on computer vision},
  pages={343--356},
  year={1996},
  organization={Springer}
}

@article{collins2000system,
  title={A system for video surveillance and monitoring},
  author={Collins, Robert T and Lipton, Alan J and Kanade, Takeo and Fujiyoshi, Hironobu and Duggins, David and Tsin, Yanghai and Tolliver, David and Enomoto, Nobuyoshi and Hasegawa, Osamu and Burt, Peter and others},
  journal={VSAM final report},
  pages={1--68},
  year={2000},
  publisher={Carnegie Mellon Univ.}
}

@incollection{ristic2003beyond,
  title={Beyond the Kalman filter: Particle filters for tracking applications},
  author={Ristic, Branko and Arulampalam, Sanjeev and Gordon, Neil},
  year={2003},
  publisher={Artech house},
  chapter={10},
  pages={215--238}
}

@inproceedings{sidenbladh2003tracking,
  title={Tracking random sets of vehicles in terrain},
  author={Sidenbladh, Hedvig and Wirkander, Sven-Lennart},
  booktitle={2003 Conference on Computer Vision and Pattern Recognition Workshop},
  volume={9},
  pages={98--98},
  year={2003},
  organization={IEEE}
}

@inproceedings{dastner2009fusion,
  title={Fusion of IR/CCD Video Streams and Digital Terrain Models for Multi Target Tracking.},
  author={D{\"a}stner, Kaeye and K{\"o}hler, Bastian and Opitz, Felix},
  booktitle={GI Jahrestagung},
  pages={2334--2342},
  year={2009}
}

@inproceedings{fosbury2007ground,
  title={Ground target tracking using terrain information},
  author={Fosbury, Adam M and Crassidis, John L and Singh, Tarunraj and Springen, Clyde},
  booktitle={2007 10th International Conference on Information Fusion},
  pages={1--8},
  year={2007},
  organization={IEEE}
}

@article{barber2006vision,
  title={Vision-based target geo-location using a fixed-wing miniature air vehicle},
  author={Barber, D Blake and Redding, Joshua D and McLain, Timothy W and Beard, Randal W and Taylor, Clark N},
  journal={Journal of Intelligent and Robotic Systems},
  volume={47},
  number={4},
  pages={361--382},
  year={2006},
  publisher={Springer}
}

@online{libnoise,
  author = {Jason Bevins},
  title = {libnoise: a portable, open-source, coherent noise-generating library for C++},
  year = 2007,
  url = {http://libnoise.sourceforge.net},
  urldate = {2019-09-18}
}

@article{robinson2012high,
  title={High-resolution digital elevation dataset for Crater Lake National Park and vicinity, Oregon, based on LiDAR survey of August--September 2010 and bathymetric survey of July 2000},
  author={Robinson, Joel E},
  journal={US Geological Survey Data Series},
  volume={716},
  year={2012}
}

@article{jpl13,
author = {{NASA JPL}},
journal = {NASA EOSDIS Land Processes DAAC},
title = {NASA Shuttle Radar Topography Mission Global 1 arc second [Data set]},
year = {2013},
urldate = {2019-09-22},
url = {https://doi.org/10.5067/MEaSUREs/SRTM/SRTMGL1.003},
}

@article{nasa00,
    author = {{NASA}},
    journal = {Archived by National Aeronautics and Space Administration, U.S. Government, NASA},
    title = {Shuttle Radar Topography Mission (SRTM) Version 2. Version 2},
    year = {2000},
    urldate = {2019-10-31},
    url = {https://http://www2.jpl.nasa.gov/srtm/},
}

@article{li2005accuracy,
  title={Accuracy and reliability of map-matched GPS coordinates: The dependence on terrain model resolution and interpolation algorithm},
  author={Li, Jing and Taylor, George and Kidner, David B},
  journal={Computers \& Geosciences},
  volume={31},
  number={2},
  pages={241--251},
  year={2005},
  publisher={Elsevier}
}

@online{qgis,
  author = {QGIS Development Team},
  title = {QGIS Geographic Information System, Open Source Geospatial Foundation Project},
  year = 2019,
  url = {http://qgis.osgeo.org},
  urldate = {2019-09-24}
}

@article{xu2019target,
  title={Target location of unmanned aerial vehicles based on the electro-optical stabilization and tracking platform},
  author={Xu, Cheng and Huang, Daqing and Liu, Jianye},
  journal={Measurement},
  volume={147},
  pages={106848},
  year={2019},
  publisher={Elsevier}
}

@article{ramsey2004ray,
  title={Ray bilinear patch intersections},
  author={Ramsey, Shaun D and Potter, Kristin and Hansen, Charles},
  journal={Journal of Graphics Tools},
  volume={9},
  number={3},
  pages={41--47},
  year={2004},
  publisher={Taylor \& Francis}
}

@techreport{musgrave1988grid,
    title = {Grid tracing: Fast ray tracing for height fields},
    author={Musgrave, F Kenton},
    number = {YALEU/DCS/RR-639},
    institution = {Yale University Department of Computer Science Research},
    year={1988}
}

@inproceedings{tufan2012emitter,
  title={Emitter localization based on angle of arrival measurements using digital terrain elevation data},
  author={Tufan, Burcu and Bayri, Ayd{\i}n},
  booktitle={2012 20th Signal Processing and Communications Applications Conference (SIU)},
  pages={1--4},
  year={2012},
  organization={IEEE}
}

@inproceedings{ravankar2015connected,
  title={A connected component labeling algorithm for sparse lidar data segmentation},
  author={Ravankar, Abhijeet and Kobayashi, Yukinori and Ravankar, Ankit and Emaru, Takanori},
  booktitle={2015 6th International Conference on Automation, Robotics and Applications (ICARA)},
  pages={437--442},
  year={2015},
  organization={IEEE}
}

@inproceedings{kim2015multiple,
  title={Multiple hypothesis tracking revisited},
  author={Kim, Chanho and Li, Fuxin and Ciptadi, Arridhana and Rehg, James M},
  booktitle={Proceedings of the IEEE International Conference on Computer Vision},
  pages={4696--4704},
  year={2015}
}

@article{umale2014overview,
  title={Overview of k-means and expectation maximization algorithm for document clustering},
  author={Umale, Bhagyashree and Nilav, M},
  journal={International Journal of Computer Applications},
  volume={63},
  number={13},
  pages={578--588},
  year={2014},
  publisher={Citeseer}
}

@inproceedings{hamerly2004learning,
    author = {Hamerly, Greg and Elkan, Charles},
    title = {Learning the k in K-Means},
    year = {2003},
    publisher = {MIT Press},
    address = {Cambridge, MA, USA},
    booktitle = {Proceedings of the 16th International Conference on Neural Information Processing Systems},
    pages = {281–288},
    numpages = {8},
    location = {Whistler, British Columbia, Canada},
    series = {NIPS’03}
}

@article{reddy2008trust,
  title={Trust-tech-based expectation maximization for learning finite mixture models},
  author={Reddy, Chandan K and Chiang, Hsiao-Dong and Rajaratnam, Bala},
  journal={IEEE Transactions on Pattern Analysis and Machine Intelligence},
  volume={30},
  number={7},
  pages={1146--1157},
  year={2008},
  publisher={IEEE}
}

@article{hartigan1979algorithm,
  title={Algorithm AS 136: A k-means clustering algorithm},
  author={Hartigan, John A and Wong, Manchek A},
  journal={Journal of the Royal Statistical Society. Series C (Applied Statistics)},
  volume={28},
  number={1},
  pages={100--108},
  year={1979},
  publisher={JSTOR}
}

@inproceedings{lancaster2007imm,
  title={IMM/MHT tracking with an unscented particle filter with application to ground targets},
  author={Lancaster, J and Blackman, S and Yu, L},
  booktitle={Signal and Data Processing of Small Targets 2007},
  volume={6699},
  pages={669919},
  year={2007},
  month={September},
  day={21},
  organization={International Society for Optics and Photonics}
}

@article{li2013multitarget,
  title={Multitarget tracking with Doppler ambiguity},
  author={Li, Kaibing and Habtemariam, B and Tharmarasa, Ratnasingham and Pelletier, Michel and Kirubarjan, T},
  journal={IEEE Transactions on Aerospace and Electronic Systems},
  volume={49},
  number={4},
  pages={2640--2656},
  year={2013},
  publisher={IEEE}
}

@inproceedings{yamada2017multi,
  title={Multi-dimensional multiple hypothesis tracking with a Gaussian mixture model to suppress grating lobes},
  author={Yamada, Tetsutaro and Ito, Toshihiro and Izumi, Hideyuki and Murayama, Satoru and Sawayama, Yoshihiro and Obata, Yasushi},
  booktitle={2017 20th International Conference on Information Fusion (Fusion)},
  pages={1--8},
  year={2017},
  organization={IEEE}
}

@article{ostergaard2001new,
  title={A new algorithm for the maximum-weight clique problem},
  author={{\"O}sterg{\aa}rd, Patric RJ},
  journal={Nordic Journal of Computing},
  volume={8},
  number={4},
  pages={424--436},
  year={2001},
  publisher={Publishing Association Nordic Journal of Computing}
}

@article{he2009fast,
  title={Fast connected-component labeling},
  author={He, Lifeng and Chao, Yuyan and Suzuki, Kenji and Wu, Kesheng},
  journal={Pattern recognition},
  volume={42},
  number={9},
  pages={1977--1987},
  year={2009},
  publisher={Elsevier}
}

@article{karimi2020edge,
  title={An edge computing framework based on OFDM radar for low grazing angle target tracking},
  author={Karimi, Vahid and Mohseni, Reza and Khosravi, Mohammad R},
  journal={EURASIP Journal on Wireless Communications and Networking},
  volume={2020},
  number={1},
  pages={1--9},
  year={2020},
  publisher={Springer}
}

@article{rongier2019generative,
  title={Generative modeling of InSAR interferograms},
  author={Rongier, Guillaume and Rude, Cody and Herring, Thomas and Pankratius, Victor},
  journal={Earth and Space Science},
  year={2019},
  publisher={Wiley Online Library},
  volume={6},
  number={12},
  pages={2671--2683}
}

@article{liu2019multiple,
  title={Multiple hypothesis method for tracking move-stop-move target},
  author={Liu, Shuo and Li, Hongbo and Zhang, Yun and Zou, Bin},
  journal={The Journal of Engineering},
  volume={2019},
  number={19},
  pages={6155-6159},
  year={2019},
  publisher={IET}
}

@techreport{zhang1999k,
  title={K-harmonic means-a data clustering algorithm},
  author={Zhang, Bin and Hsu, Meichun and Dayal, Umeshwar},
  institution={Hewlett-Packard Labs},
  number= {HPL-1999-124},
  year={1999}
}

@article{pham2005selection,
  title={Selection of K in K-means clustering},
  author={Pham, Duc Truong and Dimov, Stefan S and Nguyen, Chi D},
  journal={Proceedings of the Institution of Mechanical Engineers, Part C: Journal of Mechanical Engineering Science},
  volume={219},
  number={1},
  pages={103--119},
  year={2005},
  publisher={SAGE Publications Sage UK: London, England}
}

@article{wu2009optimizing,
  title={Optimizing two-pass connected-component labeling algorithms},
  author={Wu, Kesheng and Otoo, Ekow and Suzuki, Kenji},
  journal={Pattern Analysis and Applications},
  volume={12},
  number={2},
  pages={117--135},
  year={2009},
  publisher={Springer}
}

@inproceedings{sanderson2017open,
  title={An open source C++ implementation of multi-threaded Gaussian mixture models, k-means and expectation maximisation},
  author={Sanderson, Conrad and Curtin, Ryan},
  booktitle={2017 11th International Conference on Signal Processing and Communication Systems (ICSPCS)},
  pages={1--8},
  year={2017},
  organization={IEEE}
}

