@article{tharmarasa2011decentralized,
  title={Decentralized sensor selection for large-scale multisensor-multitarget tracking},
  author={Tharmarasa, Ratnasingham and Kirubarajan, Thia and Sinha, Abhijit and Lang, Thomas},
  journal={IEEE Transactions on Aerospace and Electronic systems},
  volume={47},
  number={2},
  pages={1307--1324},
  year={2011},
  publisher={IEEE}
}

@article{tharmarasa2007pcrlb,
  title={{PCRLB-based multisensor array management for multitarget tracking}},
  author={Tharmarasa, Ratnasingham and Kirubarajan, Thiagalingam and Hernandez, Marcel L and Sinha, A},
  journal={IEEE Transactions on Aerospace and Electronic Systems},
  volume={43},
  number={2},
  pages={539--555},
  year={2007},
  publisher={IEEE}
}

@inproceedings{ponda2009trajectory,
  title={Trajectory optimization for target localization using small unmanned aerial vehicles},
  author={Ponda, Sameera and Kolacinski, Richard and Frazzoli, Emilio},
  booktitle={AIAA guidance, navigation, and control conference},
  pages={6015},
  year={2009}
}

@article{nguyen2016optimal,
	title={{Optimal geometry analysis for multistatic TOA localization}},
	author={Nguyen, Ngoc Hung and Do{\u{g}}an{\c{c}}ay, Kutluy{\i}l},
	journal={IEEE Transactions on Signal Processing},
	volume={64},
	number={16},
	pages={4180--4193},
	year={2016},
	publisher={IEEE}
}

@ARTICLE{handel1986survey,
	author={E. {Hanle}},
	journal={IEE Proceedings F - Communications, Radar and Signal Processing}, 
	title={Survey of bistatic and multistatic radar}, 
	year={1986},
	volume={133},
	number={7},
	pages={587-595},
}

@inproceedings{bruna2017airborne,
  author={M. A. {Bruna} and K. F. {Bing} and M. {Minges}},
  booktitle={2017 IEEE Radar Conference (RadarConf)}, 
  title={Airborne bistatic radar trajectory optimization for ground geolocation accuracy maximization}, 
  year={2017},
  volume={},
  number={},
  pages={1608-1613},
}

@article{yao2016cooperative,
  title={{Cooperative path planning with applications to target tracking and obstacle avoidance for multi-UAVs}},
  author={Yao, Peng and Wang, Honglun and Su, Zikang},
  journal={Aerospace Science and Technology},
  volume={54},
  pages={10--22},
  year={2016},
  publisher={Elsevier}
}

@article{wu2017distributed,
  title={{Distributed trajectory optimization for multiple solar-powered UAVs target tracking in urban environment by Adaptive Grasshopper Optimization Algorithm}},
  author={Wu, Jianfa and Wang, Honglun and Li, Na and Yao, Peng and Huang, Yu and Su, Zikang and Yu, Yue},
  journal={Aerospace Science and Technology},
  volume={70},
  pages={497--510},
  year={2017},
  publisher={Elsevier}
}

@inproceedings{scott2018illuminator,
  title={Illuminator selection statistics using ATSC passive radar with a mobile receiver},
  author={Scott, Kevin M and Barott, William C and Himed, Braham},
  booktitle={2018 IEEE Radar Conference (RadarConf18)},
  pages={0981--0986},
  year={2018},
  organization={IEEE}
}

@article{cai2009information,
  title={Information-driven sensor path planning by approximate cell decomposition},
  author={Cai, Chenghui and Ferrari, Silvia},
  journal={IEEE Transactions on Systems, Man, and Cybernetics, Part B (Cybernetics)},
  volume={39},
  number={3},
  pages={672--689},
  year={2009},
  publisher={IEEE}
}

@INPROCEEDINGS{tharmarasa2009joint,
	author={R. {Tharmarasa} and T. {Kirubarajan} and T. {Lang}},
	booktitle={2009 IEEE Symposium on Computational Intelligence for Security and Defense Applications}, 
	title={Joint path planning and sensor subset selection for multistatic sensor networks}, 
	year={2009},
	volume={},
	number={},
	pages={1-8}
}

@inproceedings{nguyen2014joint,
  title={Joint transmitter waveform and receiver path optimization for target tracking by multistatic radar system},
  author={Nguyen, Ngoc Hung and Do{\u{g}}an{\c{c}}ay, Kutluy{\i}l and Davis, Linda M},
  booktitle={2014 IEEE Workshop on Statistical Signal Processing (SSP)},
  pages={444--447},
  year={2014},
  organization={IEEE}
}

@article{hu2014multi,
  title={Multi-agent cooperative target search},
  author={Hu, Jinwen and Xie, Lihua and Xu, Jun and Xu, Zhao},
  journal={Sensors},
  volume={14},
  number={6},
  pages={9408--9428},
  year={2014},
  publisher={Multidisciplinary Digital Publishing Institute}
}

@article{dogancay2007online,
  title={Online optimization of receiver trajectories for scan-based emitter localization},
  author={Dogancay, Kutluyil},
  journal={IEEE Transactions on Aerospace and Electronic Systems},
  volume={43},
  number={3},
  pages={1117--1125},
  year={2007},
  publisher={IEEE}
}

@inproceedings{hernandez2004optimal,
  title={Optimal sensor trajectories in bearings-only tracking},
  author={Hernandez, Marcel L},
  booktitle={Proceedings of the Seventh International Conference on Information Fusion},
  volume={2},
  pages={893--900},
  year={2004}
}

@article{yang2018optimal,
  title={{Optimal UAV path planning: Sensing data acquisition over IoT sensor networks using multi-objective bio-inspired algorithms}},
  author={Yang, Qin and Yoo, Sang-Jo},
  journal={IEEE Access},
  volume={6},
  pages={13671--13684},
  year={2018},
  publisher={IEEE}
}

@inproceedings{anastasio2010optimization,
  title={Optimization of multistatic passive radar geometry based on CRLB with uncertain observations},
  author={Anastasio, V and Colone, F and Di Lallo, A and Farina, A and Gumiero, F and Lombardo, P},
  booktitle={The 7th European Radar Conference},
  pages={340--343},
  year={2010},
  organization={IEEE}
}

@article{wu2018path,
  title={{Path planning for solar-powered UAV in urban environment}},
  author={Wu, Jianfa and Wang, Honglun and Li, Na and Yao, Peng and Huang, Yu and Yang, Hemeng},
  journal={Neurocomputing},
  volume={275},
  pages={2055--2065},
  year={2018},
  publisher={Elsevier}
}

@inproceedings{mittal2007three,
  title={{Three-dimensional offline path planning for UAVs using multiobjective evolutionary algorithms}},
  author={Mittal, Shashi and Deb, Kalyanmoy},
  booktitle={2007 IEEE Congress on Evolutionary Computation},
  pages={3195--3202},
  year={2007},
  organization={IEEE}
}

@article{he2019trajectory,
  title={Trajectory Optimization for Target Localization With Bearing-Only Measurement},
  author={He, Shaoming and Shin, Hyo-Sang and Tsourdos, Antonios},
  journal={IEEE Transactions on Robotics},
  year={2019},
  publisher={IEEE}
}

@article{dogancay2012uav,
  title={{UAV path planning for passive emitter localization}},
  author={Dogancay, Kutluyil},
  journal={IEEE Transactions on Aerospace and Electronic systems},
  volume={48},
  number={2},
  pages={1150--1166},
  year={2012},
  publisher={IEEE}
}

@inproceedings{douganccay2010single,
  title={Single-and multi-platform constrained sensor path optimization for angle-of-arrival target tracking},
  author={Do{\u{g}}an{\c{c}}ay, Kutluy{\i}l},
  booktitle={2010 18th European Signal Processing Conference},
  pages={835--839},
  year={2010},
  organization={IEEE}
}

@inproceedings{horridge2004multistatic,
  title={Multistatic radar resource management},
  author={Horridge, Paul R and Hernandez, Marcel L},
  booktitle={Signal and Data Processing of Small Targets 2003},
  volume={5204},
  pages={583--595},
  year={2004},
  organization={International Society for Optics and Photonics}
}

@article{zhan2010adaptive,
  title={Adaptive mobile sensor positioning for multi-static target tracking},
  author={Zhan, Pengcheng and Casbeer, David W and Swindlehurst, A Lee},
  journal={IEEE Transactions on Aerospace and Electronic Systems},
  volume={46},
  number={1},
  pages={120--132},
  year={2010},
  publisher={IEEE}
}

@article{xu2017optimal,
  title={{Optimal sensor placement for 3-D angle-of-arrival target localization}},
  author={Xu, Sheng and Do{\u{g}}an{\c{c}}ay, Kutluy{\i}l},
  journal={IEEE Transactions on Aerospace and Electronic Systems},
  volume={53},
  number={3},
  pages={1196--1211},
  year={2017},
  publisher={IEEE}
}


@article{roberge2012comparison,
  title={{Comparison of parallel genetic algorithm and particle swarm optimization for real-time UAV path planning}},
  author={Roberge, Vincent and Tarbouchi, Mohammed and Labont{\'e}, Gilles},
  journal={IEEE Transactions on industrial informatics},
  volume={9},
  number={1},
  pages={132--141},
  year={2012},
  publisher={IEEE}
}

@article{xie2017joint,
  title={Joint node selection and power allocation strategy for multitarget tracking in decentralized radar networks},
  author={Xie, Mingchi and Yi, Wei and Kirubarajan, Thia and Kong, Lingjiang},
  journal={IEEE Transactions on Signal Processing},
  volume={66},
  number={3},
  pages={729--743},
  year={2017},
  publisher={IEEE}
}

@article{yan2016joint,
  title={Joint beam selection and power allocation for multiple target tracking in netted colocated MIMO radar system},
  author={Yan, Junkun and Liu, Hongwei and Pu, Wenqiang and Zhou, Shenghua and Liu, Zheng and Bao, Zheng},
  journal={IEEE Transactions on Signal Processing},
  volume={64},
  number={24},
  pages={6417--6427},
  year={2016},
  publisher={IEEE}
}

@article{ragi2013uav,
  title={{UAV path planning in a dynamic environment via partially observable Markov decision process}},
  author={Ragi, Shankarachary and Chong, Edwin KP},
  journal={IEEE Transactions on Aerospace and Electronic Systems},
  volume={49},
  number={4},
  pages={2397--2412},
  year={2013},
  publisher={IEEE}
}

@book{bar2004estimation,
  title={Estimation with Applications to Tracking and Navigation: Theory Algorithms and Software},
  author={Bar-Shalom, Yaakov and Li, X Rong and Kirubarajan, Thiagalingam},
  year={2004},
  publisher={John Wiley \& Sons}
}

@article{tichavsky1998posterior,
  title={{Posterior Cram{\'e}r-Rao bounds for discrete-time nonlinear filtering}},
  author={Tichavsky, Petr and Muravchik, Carlos H and Nehorai, Arye},
  journal={IEEE Transactions on signal processing},
  volume={46},
  number={5},
  pages={1386--1396},
  year={1998},
  publisher={IEEE}
}

@article{hernandez2004multisensor,
  title={{Multisensor resource deployment using Posterior Cram{\'e}r-Rao bounds}},
  author={Hernandez, ML and Kirubarajan, THIA and Bar-Shalom, YAAKOV},
  journal={IEEE Transactions on Aerospace and Electronic Systems},
  volume={40},
  number={2},
  pages={399--416},
  year={2004},
  publisher={IEEE}
}

@article{arulampalam2002tutorial,
  title={{A tutorial on particle filters for online nonlinear/non-Gaussian Bayesian tracking}},
  author={Arulampalam, M Sanjeev and Maskell, Simon and Gordon, Neil and Clapp, Tim},
  journal={IEEE Transactions on Signal Processing},
  volume={50},
  number={2},
  pages={174--188},
  year={2002},
  publisher={Ieee}
}

@article{godrich2011power,
	title={Power allocation strategies for target localization in distributed multiple-radar architectures},
	author={Godrich, Hana and Petropulu, Athina P and Poor, H Vincent},
	journal={IEEE Transactions on Signal Processing},
	volume={59},
	number={7},
	pages={3226--3240},
	year={2011},
	publisher={IEEE}
}

@article{she2016novel,
	title={A novel sensor selection and power allocation algorithm for multiple-target tracking in an LPI radar network},
	author={She, Ji and Wang, Fei and Zhou, Jianjiang},
	journal={Sensors},
	volume={16},
	number={12},
	pages={2193},
	year={2016},
	publisher={Multidisciplinary Digital Publishing Institute}
}

@inproceedings{frew2005receding,
	title={{Receding horizon control using random search for UAV navigation with passive, non-cooperative sensing}},
	author={Frew, Eric},
	booktitle={AIAA guidance, navigation, and control conference and exhibit},
	pages={5864},
	year={2005}
}

@book{boyd2004convex,
	title={Convex Optimization},
	author={Boyd, Stephen and Boyd, Stephen P and Vandenberghe, Lieven},
	year={2004},
	publisher={Cambridge university press}
}


@inproceedings{sinha2005autonomous,
	title={{Autonomous surveillance by multiple cooperative UAVs}},
	author={Sinha, Abhijit and Kirubarajan, Thiagalingam and Bar-Shalom, Yaakov},
	booktitle={Signal and Data Processing of Small Targets 2005},
	volume={5913},
	pages={59131V},
	year={2005},
	organization={International Society for Optics and Photonics}
}

@article{tharmarasa2009optimization,
	title={Optimization-based dynamic sensor management for distributed multitarget tracking},
	author={Tharmarasa, Ratnasingham and Kirubarajan, Thiagalingam and Peng, Jiming and Lang, Thomas},
	journal={IEEE Transactions on Systems, Man, and Cybernetics, Part C (Applications and Reviews)},
	volume={39},
	number={5},
	pages={534--546},
	year={2009},
	publisher={IEEE}
}

@article{niu2001matrix,
	title={{Matrix CRLB scaling due to measurements of uncertain origin}},
	author={Niu, Ruixin and Willett, Peter and Bar-Shalom, Yaakov},
	journal={IEEE Transactions on Signal Processing},
	volume={49},
	number={7},
	pages={1325--1335},
	year={2001},
	publisher={IEEE}
}

@article{xiong2002multi,
	title={Multi-sensor management for information fusion: issues and approaches},
	author={Xiong, Ning and Svensson, Per},
	journal={Information fusion},
	volume={3},
	number={2},
	pages={163--186},
	year={2002},
	publisher={Elsevier}
}

@inproceedings{huang2007static,
	title={Static path planning for mobile beacons to localize sensor networks},
	author={Huang, Rui and Zaruba, Gergely V},
	booktitle={Fifth annual IEEE international conference on pervasive computing and communications workshops (PerComW'07)},
	pages={323--330},
	year={2007},
	organization={IEEE}
}

@article{dogancay2007online,
	title={Online optimization of receiver trajectories for scan-based emitter localization},
	author={Dogancay, Kutluyil},
	journal={IEEE Transactions on Aerospace and Electronic Systems},
	volume={43},
	number={3},
	pages={1117--1125},
	year={2007},
	publisher={IEEE}
}

@article{hero2011sensor,
	title={Sensor management: Past, present, and future},
	author={Hero, Alfred O and Cochran, Douglas},
	journal={IEEE Sensors Journal},
	volume={11},
	number={12},
	pages={3064--3075},
	year={2011},
	publisher={IEEE}
}

@article{sun2016path,
	title={{Path planning for GEO-UAV bistatic SAR using constrained adaptive multiobjective differential evolution}},
	author={Sun, Zhichao and Wu, Junjie and Yang, Jianyu and Huang, Yulin and Li, Caipin and Li, Dongtao},
	journal={IEEE Transactions on Geoscience and Remote Sensing},
	volume={54},
	number={11},
	pages={6444--6457},
	year={2016},
	publisher={IEEE}
}

@article{chalise2014target,
	title={Target localization in a multi-static passive radar system through convex optimization},
	author={Chalise, Batu K and Zhang, Yimin D and Amin, Moeness G and Himed, Braham},
	journal={Signal Processing},
	volume={102},
	pages={207--215},
	year={2014},
	publisher={Elsevier}
}

@article{yang2018optimal,
	title={{Optimal UAV path planning: Sensing data acquisition over IoT sensor networks using multi-objective bio-inspired algorithms}},
	author={Yang, Qin and Yoo, Sang-Jo},
	journal={IEEE Access},
	volume={6},
	pages={13671--13684},
	year={2018},
	publisher={IEEE}
}

@article{punithakumar2006multisensor,
	title={{Multisensor deployment using PCRLBs, incorporating sensor deployment and motion uncertainties}},
	author={Punithakumar, K and Kirubarajan, T and Hernandez, Marcel},
	journal={IEEE Transactions on Aerospace and Electronic Systems},
	volume={42},
	number={4},
	pages={1474--1485},
	year={2006},
	publisher={IEEE}
}

@article{alirezaei2014optimum,
	title={Optimum power allocation in sensor networks for passive radar applications},
	author={Alirezaei, Gholamreza and Reyer, Michael and Mathar, Rudolf},
	journal={IEEE Transactions on Wireless Communications},
	volume={13},
	number={6},
	pages={3222--3231},
	year={2014},
	publisher={IEEE}
}

@article{pitre2012uav,
	title={{UAV route planning for joint search and track missions—An information-value approach}},
	author={Pitre, Ryan R and Li, X Rong and Delbalzo, R},
	journal={IEEE Transactions on Aerospace and Electronic Systems},
	volume={48},
	number={3},
	pages={2551--2565},
	year={2012},
	publisher={IEEE}
}

@article{lu2018adaptive,
	title={{Adaptive JSPA in distributed colocated MIMO radar network for multiple targets tracking}},
	author={Lu, Yanxi and Han, Chunlin and He, Zishu and Liu, Shuangli and Wang, Yikai},
	journal={IET Radar, Sonar \& Navigation},
	volume={13},
	number={3},
	pages={410--419},
	year={2018},
	publisher={IET}
}

@article{niu2012target,
	title={Target localization and tracking in noncoherent multiple-input multiple-output radar systems},
	author={Niu, Ruixin and Blum, Rick S and Varshney, Pramod K and Drozd, Andrew L},
	journal={IEEE Transactions on Aerospace and Electronic Systems},
	volume={48},
	number={2},
	pages={1466--1489},
	year={2012},
	publisher={IEEE}
}

@article{koohifar2016receding,
	title={{Receding horizon multi-UAV cooperative tracking of moving RF source}},
	author={Koohifar, Farshad and Kumbhar, Abhaykumar and Guvenc, Ismail},
	journal={IEEE Communications Letters},
	volume={21},
	number={6},
	pages={1433--1436},
	year={2016},
	publisher={IEEE}
}