@article{tharmarasa2007pcrlb,
  title={{PCRLB-based multisensor array management for multitarget tracking}},
  author={Tharmarasa, Ratnasingham and Kirubarajan, Thiagalingam and Hernandez, Marcel L and Sinha, A},
  journal={IEEE Transactions on Aerospace and Electronic Systems},
  volume={43},
  number={2},
  pages={539--555},
  year={2007},
  publisher={IEEE}
}

@article{hernandez2004multisensor,
	title={Multisensor resource deployment using posterior Cram{\'e}r-Rao bounds},
	author={Hernandez, ML and Kirubarajan, THIA and Bar-Shalom, YAAKOV},
	journal={IEEE Transactions on Aerospace and Electronic Systems},
	volume={40},
	number={2},
	pages={399--416},
	year={2004},
	publisher={IEEE}
}

@article{punithakumar2006multisensor,
	title={{Multisensor deployment using PCRLBs, incorporating sensor deployment and motion uncertainties}},
	author={Punithakumar, K and Kirubarajan, T and Hernandez, Marcel},
	journal={IEEE Transactions on Aerospace and Electronic Systems},
	volume={42},
	number={4},
	pages={1474--1485},
	year={2006},
	publisher={IEEE}
}

@inproceedings{wu2016research,
	title={Research on phased array radar resource management in searching mode},
	author={Wu, Junqing and Cheng, Ting},
	booktitle={MATEC Web of Conferences},
	volume={59},
	pages={07005},
	year={2016},
	organization={EDP Sciences}
}

@inproceedings{hansen2006resource,
	title={Resource management for radar tracking},
	author={Hansen, Jeffery and Rajkumar, Ragunathan and Lehoczky, John and Ghosh, Sourav},
	booktitle={2006 IEEE Conference on Radar},
	pages={8--pp},
	year={2006},
	organization={IEEE}
}

@article{orman1996scheduling,
	title={Scheduling for a multifunction phased array radar system},
	author={Orman, AJ and Potts, Chris N and Shahani, AK and Moore, AR},
	journal={European Journal of operational research},
	volume={90},
	number={1},
	pages={13--25},
	year={1996},
	publisher={Elsevier}
}

@article{yi2020resource,
	title={Resource scheduling for distributed multi-target tracking in netted colocated MIMO radar systems},
	author={Yi, Wei and Yuan, Ye and Hoseinnezhad, Reza and Kong, Lingjiang},
	journal={IEEE Transactions on Signal Processing},
	volume={68},
	pages={1602--1617},
	year={2020},
	publisher={IEEE}
}

@article{zhang2019sensor,
	title={Sensor scheduling and resource allocation in distributed MIMO radar for joint target tracking and detection},
	author={Zhang, Haowei and Xie, Junwei and Shi, Junpeng and Zhang, Zhaojian and Fu, Xiaolong},
	journal={IEEE Access},
	volume={7},
	pages={62387--62400},
	year={2019},
	publisher={IEEE}
}

@article{zhang2019space,
	title={Space-time allocation for transmit beams in collocated MIMO radar},
	author={Zhang, Haowei and Liu, Weijian and Xie, Junwei and Shi, Junpeng and Zhang, Zhaojian and Lu, Wenlong},
	journal={Signal Processing},
	volume={164},
	pages={151--162},
	year={2019},
	publisher={Elsevier}
}

@article{li2020adaptive,
	title={Adaptive sensor scheduling and resource allocation in netted collocated MIMO radar system for multi-target tracking},
	author={Li, Zhengjie and Xie, Junwei and Zhang, Haowei and Xiang, Houhong and Zhang, Zhaojian},
	journal={IEEE Access},
	volume={8},
	pages={109976--109988},
	year={2020},
	publisher={IEEE}
}

@article{brownlie1973pencil,
	title={Pencil beam radar for ionospheric research},
	author={Brownlie, GD and Dryburgh, LG and Whitehead, JD},
	journal={Nature Physical Science},
	volume={243},
	number={129},
	pages={112--112},
	year={1973},
	publisher={Nature Publishing Group}
}

@article{skolnik1962introduction,
	title={Introduction to radar},
	author={Skolnik, Merrill I},
	journal={Radar handbook},
	volume={2},
	pages={21},
	year={1962},
	publisher={McGraw-hill New York, NY, USA}
}

@book{lipa1982analysis,
	title={Analysis methods for narrow-beam high-frequency radar sea echo},
	author={Lipa, Belinda J},
	volume={82},
	number={252123},
	year={1982},
	publisher={US Department of Commerce, National Oceanic and Atmospheric Administration~â€¦}
}

@article{irci2010study,
	title={{Study on Q-RAM and feasible directions based methods for resource management in phased array radar systems}},
	author={Irci, Ayhan and Saranli, Afsar and Baykal, Buyurman},
	journal={IEEE Transactions on Aerospace and Electronic Systems},
	volume={46},
	number={4},
	pages={1848--1864},
	year={2010},
	publisher={IEEE}
}

@inproceedings{izquierdo1994optimal,
	title={Optimal radar pulse scheduling using a neural network},
	author={Izquierdo-Fuente, Albert and Casar-Corredera, JR},
	booktitle={Proceedings of 1994 IEEE International Conference on Neural Networks (ICNN'94)},
	volume={7},
	pages={4588--4591},
	year={1994},
	organization={IEEE}
}

@article{miranda2007fuzzy,
	title={Fuzzy logic approach for prioritisation of radar tasks and sectors of surveillance in multifunction radar},
	author={Miranda, SLC and Baker, CJ and Woodbridge, K and Griffiths, HD},
	journal={IET Radar, Sonar \& Navigation},
	volume={1},
	number={2},
	pages={131--141},
	year={2007},
	publisher={IET}
}

@article{zhang2019hybrid,
	title={A hybrid adaptively genetic algorithm for task scheduling problem in the phased array radar},
	author={Zhang, Haowei and Xie, Junwei and Ge, Jiaang and Zhang, Zhaojian and Zong, Binfeng},
	journal={European Journal of Operational Research},
	volume={272},
	number={3},
	pages={868--878},
	year={2019},
	publisher={Elsevier}
}

@article{zhang2011multiple,
	title={Multiple-target tracking with adaptive sampling intervals for phased-array radar},
	author={Zhang, Zhenkai and Zhou, Jianjiang and Wang, Fei and Liu, Weiqiang and Yang, Hongbing},
	journal={Journal of Systems Engineering and Electronics},
	volume={22},
	number={5},
	pages={760--766},
	year={2011},
	publisher={BIAI}
}

@inproceedings{stromberg1996scheduling,
	title={Scheduling of tasks in phased array radar},
	author={Stromberg, Dan and Grahn, Per},
	booktitle={Proceedings of International Symposium on Phased Array Systems and Technology},
	pages={318--321},
	year={1996},
	organization={IEEE}
}

@article{ghosh2006integrated,
	title={{Integrated QoS-aware resource management and scheduling with multi-resource constraints}},
	author={Ghosh, Sourav and Rajkumar, Ragunathan Raj and Hansen, Jeffery and Lehoczky, John},
	journal={Real-Time Systems},
	volume={33},
	number={1-3},
	pages={7--46},
	year={2006},
	publisher={Springer}
}

@inproceedings{narykov2013algorithm,
	title={Algorithm for resource management of multiple phased array radars for target tracking},
	author={Narykov, Alexey S and Krasnov, Oleg A and Yarovoy, Alexander},
	booktitle={Proceedings of the 16th International Conference on Information Fusion},
	pages={1258--1264},
	year={2013},
	organization={IEEE}
}

@article{fenn2000development,
	title={The development of phased-array radar technology},
	author={Fenn, Alan J and Temme, Donald H and Delaney, William P and Courtney, William E},
	journal={Lincoln Laboratory Journal},
	volume={12},
	number={2},
	pages={321--340},
	year={2000}
}

@article{van1993phased,
	title={On phased-array radar tracking and parameter control},
	author={van Keuk, Guenter and Blackman, Samuel S},
	journal={IEEE Transactions on aerospace and electronic systems},
	volume={29},
	number={1},
	pages={186--194},
	year={1993},
	publisher={IEEE}
}

@article{xie2017joint,
  title={Joint node selection and power allocation strategy for multitarget tracking in decentralized radar networks},
  author={Xie, Mingchi and Yi, Wei and Kirubarajan, Thia and Kong, Lingjiang},
  journal={IEEE Transactions on Signal Processing},
  volume={66},
  number={3},
  pages={729--743},
  year={2017},
  publisher={IEEE}
}

@article{yan2016joint,
  title={Joint beam selection and power allocation for multiple target tracking in netted colocated MIMO radar system},
  author={Yan, Junkun and Liu, Hongwei and Pu, Wenqiang and Zhou, Shenghua and Liu, Zheng and Bao, Zheng},
  journal={IEEE Transactions on Signal Processing},
  volume={64},
  number={24},
  pages={6417--6427},
  year={2016},
  publisher={IEEE}
}


@book{bar2004estimation,
  title={Estimation with Applications to Tracking and Navigation: Theory Algorithms and Software},
  author={Bar-Shalom, Yaakov and Li, X Rong and Kirubarajan, Thiagalingam},
  year={2004},
  publisher={John Wiley \& Sons}
}

@article{tichavsky1998posterior,
  title={{Posterior Cram{\'e}r-Rao bounds for discrete-time nonlinear filtering}},
  author={Tichavsky, Petr and Muravchik, Carlos H and Nehorai, Arye},
  journal={IEEE Transactions on signal processing},
  volume={46},
  number={5},
  pages={1386--1396},
  year={1998},
  publisher={IEEE}
}

@article{hernandez2004multisensor,
  title={{Multisensor resource deployment using Posterior Cram{\'e}r-Rao bounds}},
  author={Hernandez, ML and Kirubarajan, THIA and Bar-Shalom, YAAKOV},
  journal={IEEE Transactions on Aerospace and Electronic Systems},
  volume={40},
  number={2},
  pages={399--416},
  year={2004},
  publisher={IEEE}
}


@article{she2016novel,
	title={{A novel sensor selection and power allocation algorithm for multiple-target tracking in an LPI radar network}},
	author={She, Ji and Wang, Fei and Zhou, Jianjiang},
	journal={Sensors},
	volume={16},
	number={12},
	pages={2193},
	year={2016},
	publisher={Multidisciplinary Digital Publishing Institute}
}


@book{boyd2004convex,
	title={Convex Optimization},
	author={Boyd, Stephen and Boyd, Stephen P and Vandenberghe, Lieven},
	year={2004},
	publisher={Cambridge university press}
}


@article{moo2015coordinated,
	title={Coordinated radar resource management for networked phased array radars},
	author={Moo, Peter W and Ding, Zhen},
	journal={IET Radar, Sonar \& Navigation},
	volume={9},
	number={8},
	pages={1009--1020},
	year={2015},
	publisher={IET}
}

@article{yan2015simultaneous,
	title={Simultaneous multibeam resource allocation scheme for multiple target tracking},
	author={Yan, Junkun and Liu, Hongwei and Jiu, Bo and Chen, Bo and Liu, Zheng and Bao, Zheng},
	journal={IEEE Transactions on Signal Processing},
	volume={63},
	number={12},
	pages={3110--3122},
	year={2015},
	publisher={IEEE}
}

@article{kuo2005real,
	title={Real-time dwell scheduling of component-oriented phased array radars},
	author={Kuo, Tei-Wei and Chao, Yung-Sheng and Kuo, Chin-Fu and Chang, Cheng},
	journal={IEEE Transactions on Computers},
	volume={54},
	number={1},
	pages={47--60},
	year={2005},
	publisher={IEEE}
}

@article{zhang2016novel,
	title={A novel resource scheduling method of netted radars based on Markov decision process during target tracking in clutter},
	author={Zhang, Zhenkai and Tian, Yubo},
	journal={EURASIP Journal on Advances in Signal Processing},
	volume={2016},
	number={1},
	pages={1--9},
	year={2016},
	publisher={SpringerOpen}
}

@inproceedings{washburn2002stochastic,
	title={Stochastic dynamic programming based approaches to sensor resource management},
	author={Washburn, Robert B and Schneider, MK and Fox, JJ},
	booktitle={Proceedings of the Fifth International Conference on Information Fusion. FUSION 2002.(IEEE Cat. No. 02EX5997)},
	volume={1},
	pages={608--615},
	year={2002},
	organization={IEEE}
}

@article{niu2012target,
	title={Target localization and tracking in noncoherent multiple-input multiple-output radar systems},
	author={Niu, Ruixin and Blum, Rick S and Varshney, Pramod K and Drozd, Andrew L},
	journal={IEEE Transactions on Aerospace and Electronic Systems},
	volume={48},
	number={2},
	pages={1466--1489},
	year={2012},
	publisher={IEEE}
}

@book{knott2012radar,
	title={Radar cross section measurements},
	author={Knott, Eugene F},
	year={2012},
	publisher={Springer Science \& Business Media}
}

@inproceedings{tharmarasa2019closed,
	title={Closed-loop multi-satellite scheduling based on hierarchical MDP},
	author={Tharmarasa, Ratnasingham and Chatterjee, Abhijit and Wang, Yinghui and Kirubarajan, Thia and Berger, Jean and Florea, Mihai Cristian},
	booktitle={2019 22th International Conference on Information Fusion (FUSION)},
	pages={1--7},
	year={2019},
	organization={IEEE}
}

@inproceedings{ding2008survey,
	title={A survey of radar resource management algorithms},
	author={Ding, Zhen},
	booktitle={2008 Canadian Conference on Electrical and Computer Engineering},
	pages={001559--001564},
	year={2008},
	organization={IEEE}
}

@book{moo2015adaptive,
	title={Adaptive radar resource management},
	author={Moo, Peter and Ding, Zhen},
	year={2015},
	publisher={Academic Press}
}

@article{hero2011sensor,
	title={Sensor management: Past, present, and future},
	author={Hero, Alfred O and Cochran, Douglas},
	journal={IEEE Sensors Journal},
	volume={11},
	number={12},
	pages={3064--3075},
	year={2011},
	publisher={IEEE}
}

@inproceedings{castanon1997approximate,
	title={Approximate dynamic programming for sensor management},
	author={Castanon, David A},
	booktitle={Proceedings of the 36th IEEE Conference on Decision and Control},
	volume={2},
	pages={1202--1207},
	year={1997},
	organization={IEEE}
}

@inproceedings{schmaedeke1993information,
	title={Information-based sensor management},
	author={Schmaedeke, Wayne W},
	booktitle={Signal processing, sensor fusion, and target recognition II},
	volume={1955},
	pages={156--164},
	year={1993},
	organization={International Society for Optics and Photonics}
}

@article{hong1998optimal,
	title={Optimal scheduling of track updates in phased array radars},
	author={Hong, Sun-Mog and Jung, Young-Hun},
	journal={IEEE transactions on Aerospace and Electronic Systems},
	volume={34},
	number={3},
	pages={1016--1022},
	year={1998},
	publisher={IEEE}
}

@inproceedings{narykov2013algorithm,
	title={Algorithm for resource management of multiple phased array radars for target tracking},
	author={Narykov, Alexey S and Krasnov, Oleg A and Yarovoy, Alexander},
	booktitle={Proceedings of the 16th International Conference on Information Fusion},
	pages={1258--1264},
	year={2013},
	organization={IEEE}
}

@article{kershaw1994optimal,
	title={Optimal waveform selection for tracking systems},
	author={Kershaw, David J and Evans, Robin J},
	journal={IEEE Transactions on Information Theory},
	volume={40},
	number={5},
	pages={1536--1550},
	year={1994},
	publisher={IEEE}
}

@inproceedings{paris2019genetic,
	title={A genetic algorithm for joint power and bandwidth allocation in multibeam satellite systems},
	author={Paris, Aleix and Del Portillo, Inigo and Cameron, Bruce and Crawley, Edward},
	booktitle={2019 IEEE Aerospace Conference},
	pages={1--15},
	year={2019},
	organization={IEEE}
}


@article{miranda2006knowledge,
	title={Knowledge-based resource management for multifunction radar: a look at scheduling and task prioritization},
	author={Miranda, Sergio and Baker, Chris and Woodbridge, Karl and Griffiths, Hugh},
	journal={IEEE Signal Processing Magazine},
	volume={23},
	number={1},
	pages={66--76},
	year={2006},
	publisher={IEEE}
}

@article{van1993phased,
	title={On phased-array radar tracking and parameter control},
	author={van Keuk, Guenter and Blackman, Samuel S},
	journal={IEEE Transactions on aerospace and electronic systems},
	volume={29},
	number={1},
	pages={186--194},
	year={1993},
	publisher={IEEE}
}

@article{orman1996scheduling,
	title={Scheduling for a multifunction phased array radar system},
	author={Orman, AJ and Potts, Chris N and Shahani, AK and Moore, AR},
	journal={European Journal of operational research},
	volume={90},
	number={1},
	pages={13--25},
	year={1996},
	publisher={Elsevier}
}

@inproceedings{shaghaghi2018machine,
	title={Machine learning based cognitive radar resource management},
	author={Shaghaghi, Mahdi and Adve, Raviraj S},
	booktitle={2018 IEEE Radar Conference (RadarConf18)},
	pages={1433--1438},
	year={2018},
	organization={IEEE}
}

@inproceedings{kang2004coordinated,
	title={Coordinated search and track by multiple phased array radars},
	author={Kang, P-S and Lee, C-G},
	booktitle={Proceedings. RTAS 2004. 10th IEEE Real-Time and Embedded Technology and Applications Symposium, 2004.},
	pages={227--235},
	year={2004},
	organization={IEEE}
}

@article{song2010target,
	title={Target existence based resource allocation},
	author={Song, Taek Lyul and Mu{\v{s}}icki, Darko},
	journal={IEEE Transactions on Signal Processing},
	volume={58},
	number={9},
	pages={4496--4506},
	year={2010},
	publisher={IEEE}
}