
@inproceedings{julier1997new,
  title={New extension of the Kalman filter to nonlinear systems},
  author={Julier, Simon J and Uhlmann, Jeffrey K},
  booktitle={Signal processing, sensor fusion, and target recognition VI},
  volume={3068},
  pages={182--193},
  year={1997},
  organization={International Society for Optics and Photonics}
}

@inproceedings{julier1997non,
  title={A non-divergent estimation algorithm in the presence of unknown correlations},
  author={Julier, Simon J and Uhlmann, Jeffrey K},
  booktitle={Proceedings of the 1997 American Control Conference (Cat. No. 97CH36041)},
  volume={4},
  pages={2369--2373},
  year={1997},
  organization={IEEE}
}

@article{uhlmann2003covariance,
  title={Covariance consistency methods for fault-tolerant distributed data fusion},
  author={Uhlmann, Jeffrey K},
  journal={Information Fusion},
  volume={4},
  number={3},
  pages={201--215},
  year={2003},
  publisher={Elsevier}
}

@phdthesis{uhlmann1995dynamic,
  title={Dynamic map building and localization: New theoretical foundations},
  author={Uhlmann, Jeffrey K},
  year={1995},
  school={University of Oxford Oxford}
}

@article{allig2020unequal,
  title={Unequal Dimension Track-to-Track Fusion Approaches Using Covariance Intersection},
  author={Allig, Christoph and Wanielik, Gerd},
  journal={IEEE Transactions on Intelligent Transportation Systems},
  year={2020},
  publisher={IEEE}
}

@article{yuan2012multiple,
  title={A multiple IMM estimation approach with unbiased mixing for thrusting projectiles},
  author={Yuan, Ting and Bar-Shalom, Yaakov and Willett, Peter and Mozeson, E and Pollak, S and Hardiman, David},
  journal={IEEE Transactions on Aerospace and Electronic Systems},
  volume={48},
  number={4},
  pages={3250--3267},
  year={2012},
  publisher={IEEE}
}

@article{granstrom2015systematic,
  title={Systematic approach to IMM mixing for unequal dimension states},
  author={Granstr{\"o}m, Karl and Willett, Peter and Bar-Shalom, Yaakov},
  journal={IEEE Transactions on Aerospace and Electronic Systems},
  volume={51},
  number={4},
  pages={2975--2986},
  year={2015},
  publisher={IEEE}
}

@article{saini2019decentralized,
  title={Decentralized information filter with noncommon states},
  author={Saini, Vinod and Paranjape, Aditya A and Maity, Arnab},
  journal={Journal of Guidance, Control, and Dynamics},
  volume={42},
  number={9},
  pages={2042--2054},
  year={2019},
  publisher={American Institute of Aeronautics and Astronautics}
}

@incollection{saini2018decentralized,
  title={Decentralized Information Filter with Non-Common States, and Application to Sensor Bias Estimation},
  author={Saini, Vinod K and Paranjape, Aditya A and Maity, Arnab},
  booktitle={2018 AIAA Information Systems-AIAA Infotech@ Aerospace},
  pages={0711},
  year={2018}
}

@inproceedings{hanebeck2001new,
  title={New results for stochastic prediction and filtering with unknown correlations},
  author={Hanebeck, Uwe D and Briechle, Kai},
  booktitle={Conference Documentation International Conference on Multisensor Fusion and Integration for Intelligent Systems. MFI 2001 (Cat. No. 01TH8590)},
  pages={147--152},
  year={2001},
  organization={IEEE}
}

@inproceedings{hanebeck2001tight,
  title={A tight bound for the joint covariance of two random vectors with unknown but constrained cross-correlation},
  author={Hanebeck, Uwe D and Briechle, Kai and Horn, Joachim},
  booktitle={Conference Documentation International Conference on Multisensor Fusion and Integration for Intelligent Systems. MFI 2001 (Cat. No. 01TH8590)},
  pages={85--90},
  year={2001},
  organization={IEEE}
}

@article{noack2014fusion,
  title={Fusion strategies for unequal state vectors in distributed Kalman filtering},
  author={Noack, Benjamin and Sijs, Joris and Hanebeck, Uwe D},
  journal={IFAC Proceedings Volumes},
  volume={47},
  number={3},
  pages={3262--3267},
  year={2014},
  publisher={Elsevier}
}

@inproceedings{klemets2018hierarchical,
  title={Hierarchical Decentralized State Estimation with Unknown Correlation for Multiple and Partially Overlapping State Vectors},
  author={Klemets, Jonatan Ralf Axel and Hovd, Morten},
  booktitle={2018 IEEE Conference on Control Technology and Applications (CCTA)},
  pages={508--514},
  year={2018},
  organization={IEEE}
}


@article{radtke2020reconstruction,
  title={Reconstruction of Cross-Correlations between Heterogeneous Trackers Using Deterministic Samples},
  author={Radtke, Susanne and Noack, Benjamin and Hanebeck, Uwe D},
  journal={IFAC-PapersOnLine},
  volume={53},
  number={2},
  pages={3236--3241},
  year={2020},
  publisher={Elsevier}
}

@inproceedings{radtke2019distributed,
  title={Distributed estimation with partially overlapping states based on deterministic sample-based fusion},
  author={Radtke, Susanne and Noack, Benjamin and Hanebeck, Uwe D},
  booktitle={2019 18th European Control Conference (ECC)},
  pages={1822--1829},
  year={2019},
  organization={IEEE}
}

@inproceedings{steinbring2016optimal,
  title={Optimal sample-based fusion for distributed state estimation},
  author={Steinbring, Jannik and Noack, Benjamin and Reinhardt, Marc and Hanebeck, Uwe D},
  booktitle={2016 19th International Conference on Information Fusion (FUSION)},
  pages={1600--1607},
  year={2016},
  organization={IEEE}
}

@inproceedings{radtke2018reconstruction,
  title={Reconstruction of cross-correlations with constant number of deterministic samples},
  author={Radtke, Susanne and Noack, Benjamin and Hanebeck, Uwe D and Straka, Ondrej},
  booktitle={2018 21st International Conference on Information Fusion (FUSION)},
  pages={1638--1645},
  year={2018},
  organization={IEEE}
}


@inproceedings{dagan2020heterogeneous,
  title={Heterogeneous Decentralized Fusion Using Conditionally Factorized Channel Filters},
  author={Dagan, Ofer and Ahmed, Nisar R},
  booktitle={2020 IEEE International Conference on Multisensor Fusion and Integration for Intelligent Systems (MFI)},
  pages={46--53},
  year={2020},
  organization={IEEE}
}

@article{dagan2021exact,
  title={Exact and Approximate Heterogeneous Bayesian Decentralized Data Fusion},
  author={Dagan, Ofer and Ahmed, Nisar R},
  journal={arXiv preprint arXiv:2101.11116},
  year={2021}
}

@article{li2021cooperative,
  title={Cooperative Field Prediction and Smoothing via Covariance Intersection},
  author={Li, Zhuo and You, Keyou and Song, Shiji},
  journal={IEEE Transactions on Signal Processing},
  volume={69},
  pages={797--808},
  year={2021},
  publisher={IEEE}
}

@inproceedings{van1993systematic,
  title={Systematic error estimation in multisensor fusion systems},
  author={van Doorn, Bas A and Blom, Henk AP},
  booktitle={Signal and Data Processing of Small Targets 1993},
  volume={1954},
  pages={450--461},
  year={1993},
  organization={International Society for Optics and Photonics}
}

@article{yi2019exactly,
  title={Exactly decoupled Kalman filtering for multitarget state estimation with sensor bias},
  author={Yi, Jianxin and Wan, Xianrong and Li, Deshi},
  journal={IEEE Transactions on Aerospace and Electronic Systems},
  volume={56},
  number={3},
  pages={2256--2271},
  year={2019},
  publisher={IEEE}
}

@inproceedings{kastella2000bias,
  title={Bias modeling and estimation for GMTI applications},
  author={Kastella, K and Yeary, B and Zadra, T and Brouillard, R and Frangione, E},
  booktitle={Proceedings of the third international conference on information fusion},
  volume={1},
  pages={TUC1--7},
  year={2000},
  organization={IEEE}
}

@article{taghavi2016practical,
  title={A practical bias estimation algorithm for multisensor-multitarget tracking},
  author={Taghavi, Ehsan and Tharmarasa, Ratnasingham and Kirubarajan, Thia and Bar-Shalom, Yaakov and Mcdonald, Michael},
  journal={IEEE Transactions on Aerospace and Electronic Systems},
  volume={52},
  number={1},
  pages={2--19},
  year={2016},
  publisher={IEEE}
}

@article{taghavi2020geo,
  title={Geo-registration and Geo-location Using Two Airborne Video Sensors},
  author={Taghavi, Ehsan and Song, Dan and Tharmarasa, Ratnasingham and Kirubarajan, Thiagalingam and McDonald, Mike and Balaji, Bhashyam and Brown, Daly},
  journal={IEEE Transactions on Aerospace and Electronic Systems},
  volume={56},
  number={4},
  pages={2910--2921},
  year={2020},
  publisher={IEEE}
}

@article{song2021efficient,
  title={Efficient Bias Estimation in Airborne Video Geo-registration for Ground Target Tracking},
  author={Song, Dan and Tharmarasa, Ratnasingham and Wang, Wei and Rao, Bin and Brown, Daly and Kirubarajan, Thiagalingam},
  journal={IEEE Transactions on Aerospace and Electronic Systems},
  year={2021},
  publisher={IEEE}
}

@article{friedland1969treatment,
  title={Treatment of bias in recursive filtering},
  author={Friedland, Bernard},
  journal={IEEE Transactions on Automatic Control},
  volume={14},
  number={4},
  pages={359--367},
  year={1969},
  publisher={IEEE}
}

@inproceedings{alouani1992two,
  title={A two-stage filter for state estimation in the presence of dynamical stochastic bias},
  author={Alouani, AT and Rice, TR and Blair, WD},
  booktitle={1992 American Control Conference},
  pages={1784--1788},
  year={1992},
  organization={IEEE}
}

@inproceedings{li2003parameter,
  title={Parameter estimation of railway vehicle dynamic model using Rao-Blackwellised particle filter},
  author={Li, Ping and Goodall, Roger and Kadirkamanathan, Visakan},
  booktitle={2003 European Control Conference (ECC)},
  pages={2384--2389},
  year={2003},
  organization={IEEE}
}

@article{gordon2004beyond,
  title={Beyond the kalman filter: Particle filters for tracking applications},
  author={Gordon, Neil and Ristic, B and Arulampalam, S},
  journal={Artech House, London},
  volume={830},
  number={5},
  pages={1--4},
  year={2004}
}

@incollection{liu2001combined,
  title={Combined parameter and state estimation in simulation-based filtering},
  author={Liu, Jane and West, Mike},
  booktitle={Sequential Monte Carlo methods in practice},
  pages={197--223},
  year={2001},
  publisher={Springer}
}

@article{gellert2018parameter,
  title={Parameter learning and change detection using a particle filter with accelerated adaptation},
  author={Gellert, Karol and Schl{\"o}gl, Erik},
  journal={FIRN Research Paper, Forthcoming},
  year={2018}
}

@book{bar2004estimation,
  title={Estimation with applications to tracking and navigation: theory algorithms and software},
  author={Bar-Shalom, Yaakov and Li, X Rong and Kirubarajan, Thiagalingam},
  year={2004},
  publisher={John Wiley \& Sons}
}

@inproceedings{ying20103d,
  title={3D asynchronous multisensor target tracking performance with bias compensation},
  author={Ying, Man and Jiang-yuan, Huang and Zhi-hui, Yu},
  booktitle={2010 2nd International Conference on Computer Engineering and Technology},
  volume={5},
  pages={V5--401},
  year={2010},
  organization={IEEE}
}

@inproceedings{allig2018heterogeneous,
  title={Heterogeneous track-to-track fusion using equivalent measurement and unscented transform},
  author={Allig, Christoph and Wanielik, Gerd},
  booktitle={2018 21st International Conference on Information Fusion (FUSION)},
  pages={1948--1954},
  year={2018},
  organization={IEEE}
}

@inproceedings{yang2019information,
  title={Information Matrix Fusion for Nonlinear, Asynchronous and Heterogeneous Systems},
  author={Yang, Kaipei and Bar-Shalom, Yaakov and Chang, Kuo-Chu},
  booktitle={2019 22th International Conference on Information Fusion (FUSION)},
  pages={1--6},
  year={2019},
  organization={IEEE}
}

@inproceedings{kim2009terrain,
  title={Terrain data aided passive ground target tracking},
  author={Kim, Chang-Hwan and Choi, Keeyoung and Ryoo, Chang-Kyung and Park, Kyeong-Dae and Kim, Jin-Bok and Kim, Ki-Sung and Jo, Jong-Lae},
  booktitle={2009 ICCAS-SICE},
  pages={3646--3650},
  year={2009},
  organization={IEEE}
}

@inproceedings{collins1989terrain,
  title={Terrain aided passive estimation},
  author={Collins, Noel and Baird, Charles},
  booktitle={Proceedings of the IEEE National Aerospace and Electronics Conference},
  pages={909--916},
  year={1989},
  organization={IEEE}
}

@article{jpl13,
    author = {{NASA JPL}},
    journal = {NASA EOSDIS Land Processes DAAC},
    title = {NASA Shuttle Radar Topography Mission Global 1 arc second [Data set]},
    year = {2013},
    urldate = {2019-09-22},
    url = {https://doi.org/10.5067/MEaSUREs/SRTM/SRTMGL1.003},
}

@article{nasa00,
    author = {{NASA}},
    journal = {Archived by National Aeronautics and Space Administration, U.S. Government, NASA},
    title = {Shuttle Radar Topography Mission (SRTM) Version 2. Version 2},
    year = {2000},
    urldate = {2019-10-31},
    url = {https://http://www2.jpl.nasa.gov/srtm/},
}

@article{robinson2012high,
  title={High-resolution digital elevation dataset for Crater Lake National Park and vicinity, Oregon, based on LiDAR survey of August--September 2010 and bathymetric survey of July 2000},
  author={Robinson, Joel E},
  journal={US Geological Survey Data Series},
  volume={716},
  year={2012}
}

@article{higham1987computing,
  title={Computing real square roots of a real matrix},
  author={Higham, Nicholas J},
  journal={Linear Algebra and its applications},
  volume={88},
  pages={405--430},
  year={1987},
  publisher={Elsevier}
}

@techreport{musgrave1988grid,
    title = {Grid tracing: Fast ray tracing for height fields},
    author={Musgrave, F Kenton},
    number = {YALEU/DCS/RR-639},
    institution = {Yale University Department of Computer Science Research},
    year={1988}
}

@article{ramsey2004ray,
  title={Ray bilinear patch intersections},
  author={Ramsey, Shaun D and Potter, Kristin and Hansen, Charles},
  journal={Journal of Graphics Tools},
  volume={9},
  number={3},
  pages={41--47},
  year={2004},
  publisher={Taylor \& Francis}
}

@article{kalman1960new,
    author = {Kalman, R. E.},
    title = "{A New Approach to Linear Filtering and Prediction Problems}",
    journal = {Journal of Basic Engineering},
    volume = {82},
    number = {1},
    pages = {35-45},
    year = {1960},
    month = {03}
}

@article{zhu2015joint,
  title={A joint data association, registration, and fusion approach for distributed tracking},
  author={Zhu, Hao and Leung, Henry and Yuen, Ka-Veng},
  journal={Information Sciences},
  volume={324},
  pages={186--196},
  year={2015},
  publisher={Elsevier}
}

@article{yong2016asynchronous,
  title={An asynchronous sensor bias estimation algorithm utilizing targets’ positions only},
  author={Yong, Xiaoju and Fang, Yangwang and Wu, Youli and Yang, Pengfei},
  journal={Information Fusion},
  volume={27},
  pages={54--63},
  year={2016},
  publisher={Elsevier}
}

@article{barber2006vision,
  title={Vision-based target geo-location using a fixed-wing miniature air vehicle},
  author={Barber, D Blake and Redding, Joshua D and McLain, Timothy W and Beard, Randal W and Taylor, Clark N},
  journal={Journal of Intelligent and Robotic Systems},
  volume={47},
  number={4},
  pages={361--382},
  year={2006},
  publisher={Springer}
}

@article{luo2009ensemble,
  title={Ensemble Kalman filter with the unscented transform},
  author={Luo, X and Moroz, IM},
  journal={Physica D: Nonlinear Phenomena},
  volume={238},
  number={5},
  pages={549--562},
  year={2009},
  publisher={Elsevier}
}

@article{zou2021stochastic,
  title={Stochastic multi-carrier energy management in the smart islands using reinforcement learning and unscented transform},
  author={Zou, Hongbo and Tao, Juan and Elsayed, Salah K and Elattar, Ehab E and Almalaq, Abdulaziz and Mohamed, Mohamed A},
  journal={International Journal of Electrical Power \& Energy Systems},
  volume={130},
  pages={106988},
  year={2021},
  publisher={Elsevier}
}

@inproceedings{niehsen2002information,
  title={Information fusion based on fast covariance intersection filtering},
  author={Niehsen, Wolfgang},
  booktitle={Proceedings of the Fifth International Conference on Information Fusion. FUSION 2002.(IEEE Cat. No. 02EX5997)},
  volume={2},
  pages={901--904},
  year={2002},
  organization={IEEE}
}

@inproceedings{williams2012multiplying,
  title={Multiplying matrices faster than Coppersmith-Winograd},
  author={Williams, Virginia Vassilevska},
  booktitle={Proceedings of the forty-fourth annual ACM symposium on Theory of computing},
  pages={887--898},
  year={2012}
}

@article{smirnov2013bilinear,
  title={The bilinear complexity and practical algorithms for matrix multiplication},
  author={Smirnov, Alexey V},
  journal={Computational Mathematics and Mathematical Physics},
  volume={53},
  number={12},
  pages={1781--1795},
  year={2013},
  publisher={Springer}
}

@inproceedings{li2013track,
  title={Track-to-track fusion using split covariance intersection filter-information matrix filter (scif-imf) for vehicle surrounding environment perception},
  author={Li, Hao and Nashashibi, Fawzi and Lefaudeux, Benjamin and Pollard, Evangeline},
  booktitle={16th International IEEE Conference on Intelligent Transportation Systems (ITSC 2013)},
  pages={1430--1435},
  year={2013},
  organization={IEEE}
}

@article{li2020distributed,
  title={Distributed multi-sensor multi-view fusion based on generalized covariance intersection},
  author={Li, Guchong and Battistelli, Giorgio and Yi, Wei and Kong, Lingjiang},
  journal={Signal Processing},
  volume={166},
  pages={107246},
  year={2020},
  publisher={Elsevier}
}

@inproceedings{noack2017inverse,
  title={Inverse covariance intersection: New insights and properties},
  author={Noack, Benjamin and Sijs, Joris and Hanebeck, Uwe D},
  booktitle={2017 20th International Conference on Information Fusion (Fusion)},
  pages={1--8},
  year={2017},
  organization={IEEE}
}

@article{julier2007using,
  title={Using covariance intersection for SLAM},
  author={Julier, Simon J and Uhlmann, Jeffrey K},
  journal={Robotics and Autonomous Systems},
  volume={55},
  number={1},
  pages={3--20},
  year={2007},
  publisher={Elsevier}
}

@article{schonborn2022terrain,
  title={Terrain-Aided Tracking Using a Gaussian Mixture Measurement Model},
  author={Schonborn, David and Kirubarajan, T and Tharmarasa, R and McDonald, Mike and Bradford, Mike},
  journal={Submitted to IEEE Transactions on Aerospace and Electronic Systems (February 2022)},
  year={2022},
  publisher={IEEE}
}

@article{castanedo2013review,
  title={A review of data fusion techniques},
  author={Castanedo, Federico},
  journal={The scientific world journal},
  volume={2013},
  year={2013},
  publisher={Hindawi}
}

